@article{Nakashole:2012:DER:2367502.2367553,
     author = {Nakashole, Ndapandula and Weikum, Gerhard and Suchanek, Fabian},
     title = {Discovering and Exploring Relations on the Web},
     journal = {Proc. VLDB Endow.},
     issue_date = {August 2012},
     volume = {5},
     number = {12},
     month = aug,
     year = {2012},
     issn = {2150-8097},
     pages = {1982--1985},
     numpages = {4},
     url = {http://dx.doi.org/10.14778/2367502.2367553},
     doi = {10.14778/2367502.2367553},
     acmid = {2367553},
     publisher = {VLDB Endowment},
}

@inproceedings{Nakashole:2012:PATTY,
     author = {Nakashole, Ndapandula and Weikum, Gerhard and Suchanek, Fabian},
     title = {PATTY: A Taxonomy of Relational Patterns with Semantic Types},
     booktitle = {Proceedings of the 2012 Joint Conference on Empirical Methods in Natural Language Processing and Computational Natural Language Learning},
     series = {EMNLP-CoNLL '12},
     year = {2012},
     location = {Jeju Island, Korea},
     pages = {1135--1145},
     numpages = {11},
     url = {http://dl.acm.org/citation.cfm?id=2390948.2391076},
     acmid = {2391076},
     publisher = {Association for Computational Linguistics},
     address = {Stroudsburg, PA, USA},
}

@article{kjerstenhltcoe,
    title={THE HLTCOE APPROACH TO THE TREC 2012 KBA TRACK},
    author={Kjersten, Brian and McNamee, Paul}
}

@inproceedings{wang2013bit,
    title={BIT and MSRA at TREC KBA CCR Track 2013},
    author={Wang, Jingang and Song, Dandan and Lin, Chin-Yew and Liao, Lejian},
    booktitle={Notebook of the TExt Retrieval Conference},
    year={2013}
}
